Plačiau apie šaltinių tipus ir jų atributus:
http://mirror.datacenter.by/pub/mirrors/CTAN/macros/latex/contrib/biblatex/doc/biblatex.pdf#subsection.2.1

@book{Hay09,  
	author={Simon Haykin},
	title={Neural Networks and Learning Machines},
	publisher={Pearson Education inc.},
	year={2009},
	address={Upper Saddle River, New Jersey 07458},
	note={1 psl.},
}

@misc{RecurrentNeuralNetwork,
	author = {{Christopher Olah}},
	title = {Understanding LSTM Networks},
	year = {2015},
	%	note = {[Online; accessed April 27, 2013]},
	howpublished={\url{http://colah.github.io/posts/2015-08-Understanding-LSTMs/}},
}

@misc{WhoInt,
	author={World Health Organization},
	title={Deafness and hearing loss},
	howpublished={\url{http://www.who.int/mediacentre/factsheets/fs300/en/}},
	year={2017},
	month={02},
	%	note={45 KB, accessed 2017-02},
}
%http://www.opencv.org/
%http://www.numpy.org/
@misc{GUL,
	author={Tom Harrington},
	title={ASL: Ranking and number of users},
	howpublished={\url{http://libguides.gallaudet.edu/content.php?pid=114804&sid=991835/}},
	year={2004},
	note={45 KB, atnaujinta 2016-07},
}

%@article{PvzStraipsnLt,
%    author={A. Pavardenis and B. Pavardonis and C. Pavardauskas},
%    title={Straipsnio pavadinimas},
%    journal={Žurnalo pavadinimas},
%    year={2001},
%    volume={IV},
%    pages={8-17},
%} 

%@article{PvzStraipsnEn,
%    author={A. Surname and B. Tsurname and C. Usurname},
%    title={Article Title},
%    journal={Journal Title},
%    year={2001},
%    volume={IV},
%    pages={3-15},
%    langid={english},
%} 

%@inproceedings{PvzKonfLt,
%    author={A. Pavardenis and B. Pavardonis and C. Pavardauskas and D. Pavardinskas},
%    title={Straipsnio pavadinimas},
%    booktitle={Rinkinio pavadinimas},
%    year={2002},
%    publisher={Leidykla},
%    address={Miestas, šalis},
%    pages={3-15},
%}

%@inproceedings{PvzKonfEn,
%    author={A. Surname and B. Tsurname and C. Usurname and D. Vsurname},
%    title={Article title},
%    booktitle={Conference book title},
%    year={2002},
%    publisher={Publisher},
%    address={City, country},
%    pages={3-15},
%    langid={english},
%}

%@book{PvzKnygLt,  
%    author={A. Pavardenis and B. Pavardonis and C. Pavardauskas},
%    title={Knygos pavadinimas},
%    publisher={Leidykla},
%    year={2003},
%    address={Miestas, šalis},
%    note={172 psl.},
%}

%@book{PvzKnygEn,  
%    author={A. Surname and B. Tsurname and C. Usurname},
%    title={Book title},
%    publisher={Publisher},
%    year={2003},
%    address={City, country},
%    note={172 p.},
%    langid={english},
%}

%@misc{PvzElPubEn,
%    author={A. Surname and B. Tsurname and C. Usurname},
%    title={Online Publication Title},
%    howpublished={\url{http://example.com/path/to/the/article.pdf}},
%    year={2004}, 
%    note={45 KB, accessed 2015-02-01.},
%    langid={english},
%}

%@mastersthesis{PvzMagistrLt,
%    author={A. Pavardonis},
%    title={Magistrinio darbo pavadinimas},
%    school={Universiteto pavadinimas},
%    year={2005},
%}

%@phdthesis{PvzPhdEn,
%    author={A. Surname},
%    title={Ttitle fo PhD thesis},
%    school={Title of university},
%    year={2005},
%    langid={english},
%}
